@article{beagle1,
	author = "Browning, Sharon R.",
	title = "Multilocus Association Mapping Using Variable-Length Markov Chains ",
	journal = "The American Journal of Human Genetics",
	volume = "78",
	number = "6",
	pages = "903 - 913",
	year = "2006",
	month = "June"}

@article{beagle2,
	author = "Browning, Brian L. and Browning, Sharon R.",
	title = "Efficient Multilocus Association Testing for Whole Genome Association Studies Using Localized Haplotype Clustering},
	journal = "Genetic Epidemiology",
	volume = "31",
	number = "5",
	pages = "365-375",
	year = "2007",
	month = "July"}

@article{beagle3,
	author = "Browning, Sharon R. and Browning, Brian L."
	title = "Rapid and Accurate Haplotype Phasing and Missing-Data Inference for Whole-Genome Association Studies By Use of Localized Haplotype Clustering ",
	journal = "The American Journal of Human Genetics",
	volume = "81",
	number = "5",
	pages = "1084 - 1097",
	year = "2007",
	month = "November"}

@article{beagle4,
	author = "Browning, Brian L. and Browning, Sharon R.",
	title = "A Unified Approach to Genotype Imputation and Haplotype-Phase Inference for Large Data Sets of Trios and Unrelated Individuals ",
	journal = "The American Journal of Human Genetics",
	volume = "84",
	number = "2",
	pages = "210 - 223",
	year = "2009",
	month = "February"}

@article{Browning2009847,
	author = "Browning, Brian L. and Yu, Zhaoxia"
	title = "Simultaneous Genotype Calling and Haplotype Phasing Improves Genotype Accuracy and Reduces False-Positive Associations for Genome-wide Association Studies ",
	journal = "The American Journal of Human Genetics",
	volume = "85",
	number = "6",
	pages = "847 - 861",
	year = "2009",
	month = "December"}







